<?xml version="1.0" encoding="UTF-8"?><collection xmlns="http://www.loc.gov/MARC21/slim"><record><leader>00566nam--2200181-i-4500</leader><controlfield tag="001">000034178</controlfield><controlfield tag="002">20161230</controlfield><controlfield tag="005">20161230201039</controlfield><controlfield tag="008">060222s1000------------r-----000-0-eng-d</controlfield><datafield ind1=" " ind2=" " tag="040"><subfield code="a">IFIN-HH</subfield></datafield><datafield ind1=" " ind2=" " tag="080"><subfield code="a">621.039.51</subfield></datafield><datafield ind1="1" ind2=" " tag="100"><subfield code="a">Uhrig, Robert E</subfield></datafield><datafield ind1="1" ind2="0" tag="245"><subfield code="a">Neutron noise, waves and pulse propagation</subfield><subfield code="b">Proceedings of a symposium at the university of florida, gainsville february 14-16 1966</subfield><subfield code="c">Robert e. uhrig</subfield></datafield><datafield ind1=" " ind2=" " tag="260"><subfield code="a">Washington</subfield><subfield code="b">Usaec</subfield><subfield code="c">1967</subfield></datafield><datafield ind1=" " ind2=" " tag="300"><subfield code="a">XII + 771P</subfield></datafield><datafield ind1=" " ind2=" " tag="490"><subfield code="a">Aec Symposium Series</subfield></datafield><datafield ind1=" " ind2=" " tag="852"><subfield code="a">28736</subfield><subfield code="c">H.H</subfield></datafield><datafield ind1=" " ind2=" " tag="CAT"><subfield code="a">Sys</subfield><subfield code="c">20130329</subfield><subfield code="h">112731</subfield></datafield></record></collection>